@article{cao2016non,
  title     = {Non-iid recommender systems: A review and framework of recommendation paradigm shifting},
  author    = {Cao, Longbing},
  journal   = {Engineering},
  volume    = {2},
  number    = {2},
  pages     = {212--224},
  year      = {2016},
  publisher = {Elsevier}
}
 
@article{2015Coupling,
  title   = {Coupling learning of complex interactions},
  author  = {{Cao, L.}},
  journal = {Information Processing \& Management},
  year    = {2015}
}

@article{zhu2020unsupervised,
  title     = {Unsupervised heterogeneous coupling learning for categorical representation},
  author    = {Zhu, Chengzhang and Cao, Longbing and Yin, Jianping},
  journal   = {IEEE Transactions on Pattern Analysis and Machine Intelligence},
  year      = {2020},
  publisher = {IEEE}
}

@inproceedings{2018CoupledCF,
  title     = {CoupledCF: Learning Explicit and Implicit User-item Couplings in Recommendation for Deep Collaborative Filtering},
  author    = {Zhang, Q. and Cao, L. and Zhu, C. and Li, Z. and Sun, J.},
  booktitle = {Twenty-Seventh International Joint Conference on Artificial Intelligence {IJCAI-18}},
  year      = {2018}
}

@article{WangGC21,
  author    = {Can Wang and
               Fosca Giannotti and
               Longbing Cao},
  title     = {Learning Complex Couplings and Interactions},
  journal   = {{IEEE} Intell. Syst.},
  volume    = {36},
  number    = {1},
  pages     = {3--5},
  year      = {2021},
}

@article{vlahogianni2014short,
  title     = {Short-term traffic forecasting: Where we are and where weâ€™re going},
  author    = {Vlahogianni, Eleni I and Karlaftis, Matthew G and Golias, John C},
  journal   = {Transportation Research Part C: Emerging Technologies},
  volume    = {43},
  pages     = {3--19},
  year      = {2014},
  publisher = {Elsevier}
}

@article{liu2004summary,
  title   = {A summary of traffic flow forecasting methods [J]},
  author  = {Liu, Jing and Guan, Wei},
  journal = {Journal of Highway and Transportation Research and Development},
  volume  = {3},
  pages   = {82--85},
  year    = {2004}
}

@inproceedings{Huaaai19,
  author    = {Liang Hu and
               Songlei Jian and
               Longbing Cao and
               Zhiping Gu and
               Qingkui Chen and
               Artak Amirbekyan},
  title     = {{HERS:} Modeling Influential Contexts with Heterogeneous Relations
               for Sparse and Cold-Start Recommendation},
  booktitle = {{AAAI}'2019},
  pages     = {3830--3837},
  year      = {2019},
}

@article{williams2003modeling,
  title     = {Modeling and forecasting vehicular traffic flow as a seasonal ARIMA process: Theoretical basis and empirical results},
  author    = {Williams, Billy M and Hoel, Lester A},
  journal   = {Journal of transportation engineering},
  volume    = {129},
  number    = {6},
  pages     = {664--672},
  year      = {2003},
  publisher = {American Society of Civil Engineers}
}

@article{OKUTANI19841,
  title   = {Dynamic prediction of traffic volume through Kalman filtering theory},
  journal = {Transportation Research Part B: Methodological},
  volume  = {18},
  number  = {1},
  pages   = {1-11},
  year    = {1984},
  issn    = {0191-2615},
  author  = {Iwao Okutani and Yorgos J. Stephanedes}
}

@article{1603558,
  author  = {Shiliang Sun and Changshui Zhang and Guoqiang Yu},
  journal = {IEEE Transactions on Intelligent Transportation Systems},
  title   = {A bayesian network approach to traffic flow forecasting},
  year    = {2006},
  volume  = {7},
  number  = {1},
  pages   = {124-132},
  doi     = {10.1109/TITS.2006.869623}
}

@article{zivot2006vector,
  title     = {Vector autoregressive models for multivariate time series},
  author    = {Zivot, Eric and Wang, Jiahui},
  journal   = {Modeling Financial Time Series with S-Plus{\textregistered}},
  pages     = {385--429},
  year      = {2006},
  publisher = {Springer}
}

@article{1364002,
  author  = {Chun-Hsin Wu and Jan-Ming Ho and Lee, D.T.},
  journal = {IEEE Transactions on Intelligent Transportation Systems},
  title   = {Travel-time prediction with support vector regression},
  year    = {2004},
  volume  = {5},
  number  = {4},
  pages   = {276-281},
  doi     = {10.1109/TITS.2004.837813}
}

@article{zhang2009short,
  title   = {Short-term traffic flow forecasting based on K-nearest neighbors non-parametric regression},
  author  = {Zhang, Xiao-li and HE, Guo-guang and LU, Hua-pu},
  journal = {Journal of Systems Engineering},
  volume  = {24},
  number  = {2},
  pages   = {178--183},
  year    = {2009}
}

@article{lv2014traffic,
  title     = {Traffic flow prediction with big data: a deep learning approach},
  author    = {Lv, Yisheng and Duan, Yanjie and Kang, Wenwen and Li, Zhengxi and Wang, Fei-Yue},
  journal   = {IEEE Transactions on Intelligent Transportation Systems},
  volume    = {16},
  number    = {2},
  pages     = {865--873},
  year      = {2014},
  publisher = {IEEE}
}

@inproceedings{yu2017deep,
  title        = {Deep learning: A generic approach for extreme condition traffic forecasting},
  author       = {Yu, Rose and Li, Yaguang and Shahabi, Cyrus and Demiryurek, Ugur and Liu, Yan},
  booktitle    = {Proceedings of the 2017 SIAM international Conference on Data Mining},
  pages        = {777--785},
  year         = {2017},
  organization = {SIAM}
}

@article{zhao2017lstm,
  title     = {LSTM network: a deep learning approach for short-term traffic forecast},
  author    = {Zhao, Zheng and Chen, Weihai and Wu, Xingming and Chen, Peter CY and Liu, Jingmeng},
  journal   = {IET Intelligent Transport Systems},
  volume    = {11},
  number    = {2},
  pages     = {68--75},
  year      = {2017},
  publisher = {IET}
}

@article{ma2015long,
  title     = {Long short-term memory neural network for traffic speed prediction using remote microwave sensor data},
  author    = {Ma, Xiaolei and Tao, Zhimin and Wang, Yinhai and Yu, Haiyang and Wang, Yunpeng},
  journal   = {Transportation Research Part C: Emerging Technologies},
  volume    = {54},
  pages     = {187--197},
  year      = {2015},
  publisher = {Elsevier}
}

@article{wu2016short,
  title   = {Short-term traffic flow forecasting with spatial-temporal correlation in a hybrid deep learning framework},
  author  = {Wu, Yuankai and Tan, Huachun},
  journal = {arXiv preprint arXiv:1612.01022},
  year    = {2016}
}

@article{ma2017learning,
  title     = {Learning traffic as images: a deep convolutional neural network for large-scale transportation network speed prediction},
  author    = {Ma, Xiaolei and Dai, Zhuang and He, Zhengbing and Ma, Jihui and Wang, Yong and Wang, Yunpeng},
  journal   = {Sensors},
  volume    = {17},
  number    = {4},
  pages     = {818},
  year      = {2017},
  publisher = {Multidisciplinary Digital Publishing Institute}
}

@inproceedings{zhang2017deep,
  title     = {Deep spatio-temporal residual networks for citywide crowd flows prediction},
  author    = {Zhang, Junbo and Zheng, Yu and Qi, Dekang},
  booktitle = {Proceedings of the AAAI Conference on Artificial Intelligence},
  volume    = {31},
  number    = {1},
  year      = {2017}
}

@article{wu2020comprehensive,
  title     = {A comprehensive survey on graph neural networks},
  author    = {Wu, Zonghan and Pan, Shirui and Chen, Fengwen and Long, Guodong and Zhang, Chengqi and Philip, S Yu},
  journal   = {IEEE transactions on neural networks and learning systems},
  year      = {2020},
  publisher = {IEEE}
}

@article{jiang2021graph,
  title   = {Graph Neural Network for Traffic Forecasting: A Survey},
  author  = {Jiang, Weiwei and Luo, Jiayun},
  journal = {arXiv preprint arXiv:2101.11174},
  year    = {2021}
}

@article{yu2017spatio,
  title   = {Spatio-temporal graph convolutional networks: A deep learning framework for traffic forecasting},
  author  = {Yu, Bing and Yin, Haoteng and Zhu, Zhanxing},
  journal = {arXiv preprint arXiv:1709.04875},
  year    = {2017}
}

@article{li2017diffusion,
  title   = {Diffusion convolutional recurrent neural network: Data-driven traffic forecasting},
  author  = {Li, Yaguang and Yu, Rose and Shahabi, Cyrus and Liu, Yan},
  journal = {arXiv preprint arXiv:1707.01926},
  year    = {2017}
}

@article{bai2020adaptive,
  title   = {Adaptive Graph Convolutional Recurrent Network for Traffic Forecasting},
  author  = {Bai, Lei and Yao, Lina and Li, Can and Wang, Xianzhi and Wang, Can},
  journal = {arXiv preprint arXiv:2007.02842},
  year    = {2020}
}

@inproceedings{wang2020traffic,
  title     = {Traffic flow prediction via spatial temporal graph neural network},
  author    = {Wang, Xiaoyang and Ma, Yao and Wang, Yiqi and Jin, Wei and Wang, Xin and Tang, Jiliang and Jia, Caiyan and Yu, Jian},
  booktitle = {Proceedings of The Web Conference 2020},
  pages     = {1082--1092},
  year      = {2020}
}

@article{wu2019graph,
  title   = {Graph wavenet for deep spatial-temporal graph modeling},
  author  = {Wu, Zonghan and Pan, Shirui and Long, Guodong and Jiang, Jing and Zhang, Chengqi},
  journal = {arXiv preprint arXiv:1906.00121},
  year    = {2019}
}

@book{cascetta2013transportation,
  title     = {Transportation systems engineering: theory and methods},
  author    = {Cascetta, Ennio},
  volume    = {49},
  year      = {2013},
  publisher = {Springer Science \& Business Media}
}

@article{pan2020spatio,
  title     = {Spatio-Temporal Meta Learning for Urban Traffic Prediction},
  author    = {Pan, Zheyi and Zhang, Wentao and Liang, Yuxuan and Zhang, Weinan and Yu, Yong and Zhang, Junbo and Zheng, Yu},
  journal   = {IEEE Transactions on Knowledge and Data Engineering},
  year      = {2020},
  publisher = {IEEE}
}

@article{connor1994recurrent,
  title     = {Recurrent neural networks and robust time series prediction},
  author    = {Connor, Jerome T and Martin, R Douglas and Atlas, Les E},
  journal   = {IEEE transactions on neural networks},
  volume    = {5},
  number    = {2},
  pages     = {240--254},
  year      = {1994},
  publisher = {IEEE}
}

@article{hochreiter1997long,
  title     = {Long short-term memory},
  author    = {Hochreiter, Sepp and Schmidhuber, J{\"u}rgen},
  journal   = {Neural computation},
  volume    = {9},
  number    = {8},
  pages     = {1735--1780},
  year      = {1997},
  publisher = {MIT Press}
}

@article{cho2014learning,
  title   = {Learning phrase representations using RNN encoder-decoder for statistical machine translation},
  author  = {Cho, Kyunghyun and Van Merri{\"e}nboer, Bart and Gulcehre, Caglar and Bahdanau, Dzmitry and Bougares, Fethi and Schwenk, Holger and Bengio, Yoshua},
  journal = {arXiv preprint arXiv:1406.1078},
  year    = {2014}
}

@article{kipf2016semi,
  title   = {Semi-supervised classification with graph convolutional networks},
  author  = {Kipf, Thomas N and Welling, Max},
  journal = {arXiv preprint arXiv:1609.02907},
  year    = {2016}
}

@inproceedings{fang2019gstnet,
  title     = {GSTNet: Global Spatial-Temporal Network for Traffic Flow Prediction.},
  author    = {Fang, Shen and Zhang, Qi and Meng, Gaofeng and Xiang, Shiming and Pan, Chunhong},
  booktitle = {IJCAI},
  pages     = {2286--2293},
  year      = {2019}
}

@article{bahdanau2014neural,
  title   = {Neural machine translation by jointly learning to align and translate},
  author  = {Bahdanau, Dzmitry and Cho, Kyunghyun and Bengio, Yoshua},
  journal = {arXiv preprint arXiv:1409.0473},
  year    = {2014}
}

@inproceedings{cheng2018neural,
  title     = {A neural attention model for urban air quality inference: Learning the weights of monitoring stations},
  author    = {Cheng, Weiyu and Shen, Yanyan and Zhu, Yanmin and Huang, Linpeng},
  booktitle = {Proceedings of the AAAI Conference on Artificial Intelligence},
  volume    = {32},
  number    = {1},
  year      = {2018}
}

@article{vaswani2017attention,
  title   = {Attention is all you need},
  author  = {Vaswani, Ashish and Shazeer, Noam and Parmar, Niki and Uszkoreit, Jakob and Jones, Llion and Gomez, Aidan N and Kaiser, Lukasz and Polosukhin, Illia},
  journal = {arXiv preprint arXiv:1706.03762},
  year    = {2017}
}

@article{velivckovic2017graph,
  title   = {Graph attention networks},
  author  = {Veli{\v{c}}kovi{\'c}, Petar and Cucurull, Guillem and Casanova, Arantxa and Romero, Adriana and Lio, Pietro and Bengio, Yoshua},
  journal = {arXiv preprint arXiv:1710.10903},
  year    = {2017}
}

@inproceedings{liang2018geoman,
  title     = {Geoman: Multi-level attention networks for geo-sensory time series prediction.},
  author    = {Liang, Yuxuan and Ke, Songyu and Zhang, Junbo and Yi, Xiuwen and Zheng, Yu},
  booktitle = {IJCAI},
  pages     = {3428--3434},
  year      = {2018}
}

@inproceedings{guo2019attention,
  title     = {Attention based spatial-temporal graph convolutional networks for traffic flow forecasting},
  author    = {Guo, Shengnan and Lin, Youfang and Feng, Ning and Song, Chao and Wan, Huaiyu},
  booktitle = {Proceedings of the AAAI Conference on Artificial Intelligence},
  volume    = {33},
  number    = {01},
  pages     = {922--929},
  year      = {2019}
}

@inproceedings{zheng2020gman,
  title     = {Gman: A graph multi-attention network for traffic prediction},
  author    = {Zheng, Chuanpan and Fan, Xiaoliang and Wang, Cheng and Qi, Jianzhong},
  booktitle = {Proceedings of the AAAI Conference on Artificial Intelligence},
  volume    = {34},
  number    = {01},
  pages     = {1234--1241},
  year      = {2020}
}

@article{cai2020traffic,
  title     = {Traffic transformer: Capturing the continuity and periodicity of time series for traffic forecasting},
  author    = {Cai, Ling and Janowicz, Krzysztof and Mai, Gengchen and Yan, Bo and Zhu, Rui},
  journal   = {Transactions in GIS},
  volume    = {24},
  number    = {3},
  pages     = {736--755},
  year      = {2020},
  publisher = {Wiley Online Library}
}

@inproceedings{fang2020constgat,
  title     = {ConSTGAT: Contextual Spatial-Temporal Graph Attention Network for Travel Time Estimation at Baidu Maps},
  author    = {Fang, Xiaomin and Huang, Jizhou and Wang, Fan and Zeng, Lingke and Liang, Haijin and Wang, Haifeng},
  booktitle = {Proceedings of the 26th ACM SIGKDD International Conference on Knowledge Discovery \& Data Mining},
  pages     = {2697--2705},
  year      = {2020}
}

@inproceedings{park2020st,
  title     = {ST-GRAT: A Novel Spatio-temporal Graph Attention Networks for Accurately Forecasting Dynamically Changing Road Speed},
  author    = {Park, Cheonbok and Lee, Chunggi and Bahng, Hyojin and Tae, Yunwon and Jin, Seungmin and Kim, Kihwan and Ko, Sungahn and Choo, Jaegul},
  booktitle = {Proceedings of the 29th ACM International Conference on Information \& Knowledge Management},
  pages     = {1215--1224},
  year      = {2020}
}

@inproceedings{chen2020multi,
  title     = {Multi-range attentive bicomponent graph convolutional network for traffic forecasting},
  author    = {Chen, Weiqi and Chen, Ling and Xie, Yu and Cao, Wei and Gao, Yusong and Feng, Xiaojie},
  booktitle = {Proceedings of the AAAI Conference on Artificial Intelligence},
  volume    = {34},
  number    = {04},
  pages     = {3529--3536},
  year      = {2020}
}

@article{dong2020survey,
  title     = {A survey on ensemble learning},
  author    = {Dong, Xibin and Yu, Zhiwen and Cao, Wenming and Shi, Yifan and Ma, Qianli},
  journal   = {Frontiers of Computer Science},
  volume    = {14},
  number    = {2},
  pages     = {241--258},
  year      = {2020},
  publisher = {Springer}
}

@inproceedings{geng2019spatiotemporal,
  title     = {Spatiotemporal multi-graph convolution network for ride-hailing demand forecasting},
  author    = {Geng, Xu and Li, Yaguang and Wang, Leye and Zhang, Lingyu and Yang, Qiang and Ye, Jieping and Liu, Yan},
  booktitle = {Proceedings of the AAAI conference on artificial intelligence},
  volume    = {33},
  number    = {01},
  pages     = {3656--3663},
  year      = {2019}
}

@article{mengzhang2020spatial,
  title   = {Spatial-Temporal Fusion Graph Neural Networks for Traffic Flow Forecasting},
  author  = {Mengzhang, Li and Zhanxing, Zhu},
  journal = {arXiv preprint arXiv:2012.09641},
  year    = {2020}
}

@inproceedings{song2020spatial,
  title     = {Spatial-temporal synchronous graph convolutional networks: A new framework for spatial-temporal network data forecasting},
  author    = {Song, Chao and Lin, Youfang and Guo, Shengnan and Wan, Huaiyu},
  booktitle = {Proceedings of the AAAI Conference on Artificial Intelligence},
  volume    = {34},
  number    = {01},
  pages     = {914--921},
  year      = {2020}
}

@article{defferrard2016convolutional,
  title   = {Convolutional neural networks on graphs with fast localized spectral filtering},
  author  = {Defferrard, Micha{\"e}l and Bresson, Xavier and Vandergheynst, Pierre},
  journal = {arXiv preprint arXiv:1606.09375},
  year    = {2016}
}

@article{bai2018empirical,
  title   = {An empirical evaluation of generic convolutional and recurrent networks for sequence modeling},
  author  = {Bai, Shaojie and Kolter, J Zico and Koltun, Vladlen},
  journal = {arXiv preprint arXiv:1803.01271},
  year    = {2018}
}

@incollection{huber1992robust,
  title     = {Robust estimation of a location parameter},
  author    = {Huber, Peter J},
  booktitle = {Breakthroughs in statistics},
  pages     = {492--518},
  year      = {1992},
  publisher = {Springer}
}

@incollection{ketkar2017introduction,
  title     = {Introduction to pytorch},
  author    = {Ketkar, Nikhil},
  booktitle = {Deep learning with python},
  pages     = {195--208},
  year      = {2017},
  publisher = {Springer}
}

@article{chen2001freeway,
  title     = {Freeway performance measurement system: mining loop detector data},
  author    = {Chen, Chao and Petty, Karl and Skabardonis, Alexander and Varaiya, Pravin and Jia, Zhanfeng},
  journal   = {Transportation Research Record},
  volume    = {1748},
  number    = {1},
  pages     = {96--102},
  year      = {2001},
  publisher = {SAGE Publications Sage CA: Los Angeles, CA}
}

@inproceedings{he2016deep,
  title     = {Deep residual learning for image recognition},
  author    = {He, Kaiming and Zhang, Xiangyu and Ren, Shaoqing and Sun, Jian},
  booktitle = {Proceedings of the IEEE conference on computer vision and pattern recognition},
  pages     = {770--778},
  year      = {2016}
}

@article{aahlander2002einstein,
  title     = {Einstein summation for multidimensional arrays},
  author    = {{\AA}hlander, Krister},
  journal   = {Computers \& Mathematics with Applications},
  volume    = {44},
  number    = {8-9},
  pages     = {1007--1017},
  year      = {2002},
  publisher = {Elsevier}
}

@article{church2017word2vec,
  title     = {Word2Vec},
  author    = {Church, Kenneth Ward},
  journal   = {Natural Language Engineering},
  volume    = {23},
  number    = {1},
  pages     = {155--162},
  year      = {2017},
  publisher = {Cambridge University Press}
}

@article{li2017light,
  title   = {Light-head r-cnn: In defense of two-stage object detector},
  author  = {Li, Zeming and Peng, Chao and Yu, Gang and Zhang, Xiangyu and Deng, Yangdong and Sun, Jian},
  journal = {arXiv preprint arXiv:1711.07264},
  year    = {2017}
}

@article{2019A,
  title     = {A Comprehensive Survey on Graph Neural Networks},
  author    = {Wu, Z. and Pan, S. and Chen, F. and Long, G. and Zhang, C. and Yu, P. S.},
  journal   = {IEEE Transactions on Neural Networks and Learning Systems},
  year      = {2019},
}

@article{2021Learning,
  title     = {Learning Dynamics and Heterogeneity of Spatial-Temporal Graph Data for Traffic Forecasting},
  author    = {Guo, S. and Lin, Y. and  Wan, H. and Li, X. and Cong, G. },
  journal   = {IEEE Transactions on Knowledge and Data Engineering},
  volume    = {PP},
  number    = {99},
  pages     = {1-1},
  year      = {2021},
}